% Encoding: UTF-8

@Article{Freire2009,
  author  = {Ananda L. Freire and Guilherme A. Barreto and Marcus Veloso and Antonio T. Varela},
  title   = {Short-Term Memory Mechanisms in Neural Network Learning of Robot Navigation Tasks: A Case Study},
  journal = {Proceedings of the 6th Latin American Robotics Symposium (LARS'2009)},
  year    = {2009},
  pages   = {pages 1-6},
}

@Misc{Freire2010,
  author  = {Ananda Freire and Guilherme Barreto},
  editor  = {UCI Machine Learning Repository},
  title   = {Wall-Following Robot Navigation Data Data Set},
  date    = {2010-08-04},
  url     = {https://archive.ics.uci.edu/ml/datasets/Wall-Following+Robot+Navigation+Data},
  urldate = {2019-01-17},
}

@Comment{jabref-meta: databaseType:biblatex;}
